% This file was created with JabRef 2.7b.
% Encoding: UTF-8

%%%%%%%%%%%%%%%%%%%%%%%% Processamento de imagem %%%%%%%%%%%%%%%

%Imagem
@ARTICLE{torres-2006,
  author = {Ricardo Da Silva Torres and Alexandre Xavier Falc{\~a}o},
  title = {Content-Based Image Retrieval: Theory and Applications},
  journal = {Revista de Informática Teórica e Aplicada},
  year = {2006},
  volume = {13},
  pages = {161--185},
  note = {Tradu{\c{c}}{\~a}o nossa}
}

%Imagem
@book{gonzalez-2000,
  title = {Processamento de imagens digitais},
  author = {R C Gonzalez and R E Woods},
  isbn = {9788521202646},
  year = {2000},
  publisher = {Edgard Blucher}
}

%Imagenet
@INPROCEEDINGS{deng-2009, 
	author = {J. {Deng} and W. {Dong} and R. {Socher} and L. {Li} and {Kai Li} and {Li Fei-Fei}}, 
	booktitle = {2009 IEEE Conference on Computer Vision and Pattern Recognition}, 
	title = {ImageNet: A large-scale hierarchical image database}, 
	year = {2009}, 
	pages = {248-255},  
	doi = {10.1109/CVPR.2009.5206848}, 
	ISSN = {1063-6919}, 
	month = {June},
	note = {Tradu{\c{c}}{\~a}o nossa}
}

%%%%%%%%%%%%%%%%%% Básico ML %%%%%%%%%%%%%%%%%%%%%%%%%%

%Basico de ML
@article{monard-2003,
	title = {Conceitos sobre aprendizado de m{\'a}quina},
	author = {Maria Carolina Monard and Jos{\'e} Augusto Baranauskas},
	journal = {Sistemas Inteligentes-Fundamentos e Aplica{\c{c}}{\~o}es},
	volume = {1},
	number = {1},
	year = {2003}
}

@InProceedings{holschneider-1990,
	author="Holschneider, M.
	and Kronland-Martinet, R.
	and Morlet, J.
	and Tchamitchian, Ph.",
	editor="Combes, Jean-Michel
	and Grossmann, Alexander
	and Tchamitchian, Philippe",
	title="A Real-Time Algorithm for Signal Analysis with the Help of the Wavelet Transform",
	booktitle="Wavelets",
	year="1990",
	publisher="Springer Berlin Heidelberg",
	address="Berlin, Heidelberg",
	pages="286--297",
	isbn="978-3-642-75988-8"
}

%Basico de ML
@thesys{santos-2012,
	author = {Araken de Medeiros Santos},
	title = {Investigando a combina{\c{c}}{\~a}o de t{\'e}cnicas de aprendizado semissupervisionado e classifica{\c{c}}{\~a}o hier{\'a}rquica multirr{\'o}tulo},
	type = {Tese de Doutorado},
	year = {2012},
	publisher = {Universidade Federal do Rio Grande do Norte},
	school = {Universidade Federal do Rio Grande do Norte}
}

@article{apte-1997,
	title = "Data mining with decision trees and decision rules",
	journal = "Future Generation Computer Systems",
	volume = "13",
	number = "2",
	pages = "197 - 210",
	year = "1997",
	issn = "0167-739X",
	doi = "https://doi.org/10.1016/S0167-739X(97)00021-6",
	url = "http://www.sciencedirect.com/science/article/pii/S0167739X97000216",
	author = "Chidanand Apt{\'e} and Sholom Weiss",
	keywords = "Decision tree, Rule induction, Data mining",
	note = {Tradu{\c{c}}{\~a}o nossa}
}

@thesis{dosualdo-2003,
	author = {Daniel Gomes Dosualdo},
	title = {Investigação de regressão no processo de mineração de dados},
	type = {Dissertação de Mestrado},
	school = {Universidade de São Paulo},
	year = {2003},
	location = {São Carlos},
	month = {Maio},
}

@article{pereira-2012,
	title={Constru{\c{c}}{\~a}o de um modelo para o pre{\c{c}}o de venda de casas residenciais na cidade de Sorocaba-SP},
	author={Pereira, J{\'u}lio C{\'e}sar and Garson, Salom{\~a}o and Ara{\'u}jo, Elton Gean},
	journal={Revista GEPROS},
	number={4},
	pages={153},
	year={2012}
}

@InProceedings{Thanh-2015,
	author="Do, Thanh-Nghi
	and Poulet, Fran{\c{c}}ois",
	editor="Le Thi, Hoai An
	and Nguyen, Ngoc Thanh
	and Do, Tien Van",
	title="Parallel Multiclass Logistic Regression for Classifying Large Scale Image Datasets",
	booktitle="Advanced Computational Methods for Knowledge Engineering",
	year="2015",
	publisher="Springer International Publishing",
	address="Cham",
	pages="255--266",
	isbn="978-3-319-17996-4"
}

%%%%%%%%%%%%%%%%%% Refs sobre Deep Learning

%Deep Learning
@thesis{jost-2015,
	author = {I Jost},
	title = {Aplicação de \textit{Deep Learning} em Dados Refinados para Mineração de Opiniões   },
	type = {Dissertação (Mestrado)},
	school = {Universidade do Vale do Rio dos Sinos, Programa Interdisciplinar de Pós-Graduação em Computação Aplicada, São Leopoldo.},
	year = {2015} 
}

%Deep Learning
@inproceedings{arnold-2011,
	title = {An introduction to deep learning},
	author = {Ludovic Arnold and S{\'e}bastien Rebecchi and Sylvain Chevallier and H{\'e}l{\`e}ne Paugam-Moisy},
	booktitle = {European Symposium on Artificial Neural Networks (ESANN)},
	year = {2011},
	note = {Tradu{\c{c}}{\~a}o nossa}
}

%Deep Learning
@mastersthesis{ferreira-2017,
	title = {Redes Neurais Convolucionais Profundas na Detec{\c{c}}{\~a}o de Plantas Daninhas em Lavoura de Soja},
	type = {Dissertação (Mestrado)},
	school = {Universidade Federal do Mato Grosso do Sul, Pos-Graduação em Ciências da Computação},
	author = {Alessandro dos Santos Ferreira},
	year = {2017}
}

%Deep Learning
@ARTICLE{deng-2014,
	year = {2014},
	volume = {7},
	journal = {Foundations and Trends® in Signal Processing},
	title = {Deep Learning: Methods and Applications},
	number = {3–4},
	pages = {197-387},
	author = {L Deng and D Yu},
	note = {Tradu{\c{c}}{\~a}o nossa}
}

%%%%%%%%%%%%%%%%% CNNs %%%%%%%%%%%%%%%%5

%Neocognitron
@Article{fukushima-1980,
	author = "Kunihiko Fukushima",
	title = "Neocognitron: A self-organizing neural network model for a mechanism of pattern recognition unaffected by shift in position",
	journal = "Biological Cybernetics",
	year = "1980",
	month = "Apr",
	day = "01",
	volume = "36",
	number = "4",
	pages = "193--202",
	issn = "1432-0770",
	doi = "10.1007/BF00344251",
	url = "https://doi.org/10.1007/BF00344251",
	note = {Tradu{\c{c}}{\~a}o nossa}
}
%LeNet
@ARTICLE{lecun-1998, 
	author={Y. {Lecun} and L. {Bottou} and Y. {Bengio} and P. {Haffner}}, 
	journal={Proceedings of the IEEE}, 
	title={Gradient-based learning applied to document recognition}, 
	year={1998}, 
	volume={86}, 
	number={11}, 
	pages={2278-2324},
	doi={10.1109/5.726791}, 
	ISSN={0018-9219}, 
	month={Nov},
	note = {Tradu{\c{c}}{\~a}o nossa}
}

%AlexNet
@inproceedings{krizhevsky-2012,
	author = {Krizhevsky, Alex and Sutskever, Ilya and Hinton, Geoffrey E.},
	title = {ImageNet Classification with Deep Convolutional Neural Networks},
	booktitle = {Proceedings of the 25th International Conference on Neural Information Processing Systems - Volume 1},
	series = {NIPS'12},
	year = {2012},
	location = {Lake Tahoe, Nevada},
	pages = {1097--1105},
	numpages = {9},
	url = {http://dl.acm.org/citation.cfm?id=2999134.2999257},
	acmid = {2999257},
	publisher = {Curran Associates Inc.},
	address = {USA},
	note = {Tradu{\c{c}}{\~a}o nossa}
} 

%ZFNet
@article{zeilet-2013,
	author    = {Matthew D Zeiler and
	Rob Fergus},
	title     = {Visualizing and Understanding Convolutional Networks},
	journal   = {CoRR},
	volume    = {abs/1311.2901},
	year      = {2013},
	url       = {http://arxiv.org/abs/1311.2901},
	archivePrefix = {arXiv},
	eprint    = {1311.2901},
	timestamp = {Mon, 13 Aug 2018 16:48:37 +0200},
	note = {Tradu{\c{c}}{\~a}o nossa}
}
%VGG
@Article{simonyan-2014,
	author       = "K Simonyan and A Zisserman",
	title        = "Very Deep Convolutional Networks for Large-Scale Image Recognition",
	journal      = "CoRR",
	volume       = "abs/1409.1556",
	year         = "2014",
	note = {Tradu{\c{c}}{\~a}o nossa}
}

%GoogLenet
@INPROCEEDINGS{szegedy-2015, 
	author={C {Szegedy} and {Wei Liu} and {Yangqing Jia} and P {Sermanet} and S {Reed} and D {Anguelov} and D {Erhan} and V {Vanhoucke} and A {Rabinovich}}, 
	booktitle={2015 IEEE Conference on Computer Vision and Pattern Recognition (CVPR)}, 
	title={Going deeper with convolutions}, 
	year={2015},
	pages={1-9},
	doi={10.1109/CVPR.2015.7298594}, 
	ISSN={1063-6919}, 
	month={June},
	note = {Tradu{\c{c}}{\~a}o nossa}
}

%Resnet
@INPROCEEDINGS{he-2016, 
	author = {K {He} and X {Zhang} and S {Ren} and J {Sun}}, 
	booktitle = {2016 IEEE Conference on Computer Vision and Pattern Recognition (CVPR)}, 
	title = {Deep Residual Learning for Image Recognition}, 
	year = {2016}, 
	pages = {770-778},  
	doi = {10.1109/CVPR.2016.90}, 
	ISSN = {1063-6919}, 
	month = {June},
	note = {Tradu{\c{c}}{\~a}o nossa}
}

%DenseNet
@INPROCEEDINGS{liu-2017, 
	author = {G {Huang} and Z {Liu} and L v d {Maaten} and K Q {Weinberger}}, 
	booktitle = {2017 IEEE Conference on Computer Vision and Pattern Recognition (CVPR)}, 
	title = {Densely Connected Convolutional Networks}, 
	year = {2017}, 
	pages = {2261-2269},  
	ISSN = {1063-6919}, 
	month = {July},
	note = {Tradu{\c{c}}{\~a}o nossa}
}

%%%%%%%%%%%%%%%%%%%%%%%% Refs sobre deconvolucao %%%%%%%%%%%%%%%%%%%

%Deconvolucao
@article{long-2014,
	author    = {Jonathan Long and
	Evan Shelhamer and
	Trevor Darrell},
	title     = {Fully Convolutional Networks for Semantic Segmentation},
	journal   = {CoRR},
	volume    = {abs/1411.4038},
	year      = {2014},
	url       = {http://arxiv.org/abs/1411.4038},
	archivePrefix = {arXiv},
	eprint    = {1411.4038},
	timestamp = {Mon, 13 Aug 2018 16:48:17 +0200},
	note = {Tradu{\c{c}}{\~a}o nossa}
}

%Deconvolucao
@INPROCEEDINGS{noh:2015, 
	author = {H. {Noh} and S. {Hong} and B. {Han}}, 
	booktitle = {2015 IEEE International Conference on Computer Vision (ICCV)}, 
	title = {Learning Deconvolution Network for Semantic Segmentation}, 
	year = {2015}, 
	volume = {}, 
	number = {}, 
	pages = {1520-1528}, 
	doi = {10.1109/ICCV.2015.178}, 
	ISSN = {2380-7504}, 
	month = {Dec},
	note = {Tradu{\c{c}}{\~a}o nossa}
}

@INPROCEEDINGS{caelles-2017, 
	author={S {Caelles} and K -. {Maninis} and J {Pont-Tuset} and L {Leal-Taixé} and D {Cremers} and L V {Gool}}, 
	booktitle={2017 IEEE Conference on Computer Vision and Pattern Recognition (CVPR)}, 
	title={One-Shot Video Object Segmentation}, 
	year={2017}, 
	pages={5320-5329}, 
	doi = {10.1109/CVPR.2017.565}, 
	ISSN = {1063-6919}, 
	month = {July},
	note = {Tradu{\c{c}}{\~a}o nossa}
}

@article{voigtlaender-2017,
	author    = {Paul Voigtlaender and
	Bastian Leibe},
	title     = {Online Adaptation of Convolutional Neural Networks for Video Object
	Segmentation},
	journal   = {CoRR},
	volume    = {abs/1706.09364},
	year      = {2017},
	url       = {http://arxiv.org/abs/1706.09364},
	archivePrefix = {arXiv},
	eprint    = {1706.09364},
	timestamp = {Mon, 13 Aug 2018 16:46:05 +0200},
	note = {Tradu{\c{c}}{\~a}o nossa}
}

%%%%%%%%%%%%%%%%%%%%%%%%%%%% Bases %%%%%%%%%%%%%%%%%%

%Pascal VOC
@Article{everingham-2015, 
	author = {M Everingham and S M A Eslami and L Van~Gool and C K I Williams and J Winn and A Zisserman}, 
	title = {The Pascal Visual Object Classes Challenge: A Retrospective}, 
	journal = {International Journal of Computer Vision}, 
	volume = {111}, 
	year = {2015}, 
	number = {1}, 
	month = {jan}, 
	pages = {98--136},
	note = {Tradu{\c{c}}{\~a}o nossa}
}

%COCO
@article{lin-2014,
	author    = {Tsung{-}Yi Lin and
	Michael Maire and
	Serge J. Belongie and
	Lubomir D. Bourdev and
	Ross B. Girshick and
	James Hays and
	Pietro Perona and
	Deva Ramanan and
	Piotr Doll{\'{a}}r and
	C. Lawrence Zitnick},
	title     = {Microsoft {COCO:} Common Objects in Context},
	journal   = {CoRR},
	volume    = {abs/1405.0312},
	year      = {2014},
	url       = {http://arxiv.org/abs/1405.0312},
	archivePrefix = {arXiv},
	note = {Tradu{\c{c}}{\~a}o nossa}
}

%%%%%%%%%%%%%%%%%%%%%%%%%%%%%%% Metodos de Deteccao %%%%%%%%%%%%%%%%%%%%%%%%

%Faster R-CNN
@ARTICLE{sren-2017, 
	author = {S {Ren} and K {He} and R {Girshick} and J {Sun}}, 
	journal = {IEEE Transactions on Pattern Analysis and Machine Intelligence}, 
	title = {Faster R-CNN: Towards Real-Time Object Detection with Region Proposal Networks}, 
	year = {2017}, 
	volume = {39}, 
	number = {6}, 
	pages = {1137-1149},
	doi = {10.1109/TPAMI.2016.2577031}, 
	ISSN = {0162-8828}, 
	month = {June}
}

%DSSD
@article{cheng-2017,
	author    = {Cheng{-}Yang Fu and
	Wei Liu and
	Ananth Ranga and
	Ambrish Tyagi and
	Alexander C. Berg},
	title     = {{DSSD} : Deconvolutional Single Shot Detector},
	journal   = {CoRR},
	volume    = {abs/1701.06659},
	year      = {2017},
	url       = {http://arxiv.org/abs/1701.06659},
	archivePrefix = {arXiv},
	eprint    = {1701.06659},
	timestamp = {Mon, 13 Aug 2018 16:46:53 +0200},
	note = {Tradu{\c{c}}{\~a}o nossa}
}

%SSD
@article{wei-2015,
	author    = {Wei Liu and
	Dragomir Anguelov and
	Dumitru Erhan and
	Christian Szegedy and
	Scott E. Reed and
	Cheng{-}Yang Fu and
	Alexander C. Berg},
	title     = {{SSD:} Single Shot MultiBox Detector},
	journal   = {CoRR},
	volume    = {abs/1512.02325},
	year      = {2015},
	url       = {http://arxiv.org/abs/1512.02325},
	archivePrefix = {arXiv},
	eprint    = {1512.02325},
	timestamp = {Mon, 13 Aug 2018 16:48:29 +0200},
	note = {Tradu{\c{c}}{\~a}o nossa}
}

%YOLO
@article{redmon-2015,
	author    = {Joseph Redmon and
	Santosh Kumar Divvala and
	Ross B. Girshick and
	Ali Farhadi},
	title     = {You Only Look Once: Unified, Real-Time Object Detection},
	journal   = {CoRR},
	volume    = {abs/1506.02640},
	year      = {2015},
	url       = {http://arxiv.org/abs/1506.02640},
	archivePrefix = {arXiv},
	eprint    = {1506.02640},
	timestamp = {Mon, 13 Aug 2018 16:48:08 +0200},
	biburl    = {https://dblp.org/rec/bib/journals/corr/RedmonDGF15},
	bibsource = {dblp computer science bibliography, https://dblp.org},
	note = {Tradu{\c{c}}{\~a}o nossa}
}

%%%%%%%%%%%%%%%%%%%%%% Aplicacoes de deteccao

%Face Detection
@INPROCEEDINGS{yang-2018, 
	author = {W {Yang} and Z {Jiachun}}, 
	booktitle = {2018 1st IEEE International Conference on Knowledge Innovation and Invention (ICKII)}, 
	title = {Real-time face detection based on YOLO}, 
	year = {2018},
	pages = {221-224}, 
	doi = {10.1109/ICKII.2018.8569109}, 
	month = {July},
	note = {Tradu{\c{c}}{\~a}o nossa}
}

%Pedestrian Detection
@INPROCEEDINGS{lan-2018, 
	author = {W {Lan} and J {Dang} and Y {Wang} and S {Wang}}, 
	booktitle = {2018 IEEE International Conference on Mechatronics and Automation (ICMA)}, 
	title = {Pedestrian Detection Based on YOLO Network Model}, 
	year = {2018}, 
	pages = {1547-1551}, 
	doi = {10.1109/ICMA.2018.8484698}, 
	ISSN = {2152-744X}, 
	month = {Aug},
	note = {Tradu{\c{c}}{\~a}o nossa}
}

%people counting
@INPROCEEDINGS{pren-2017, 
	author={P {Ren} and W {Fang} and S {Djahel}}, 
	booktitle={2017 International Smart Cities Conference (ISC2)}, 
	title={A novel YOLO-Based real-time people counting approach}, 
	year={2017}, 
	pages={1-2}, 
	month={Sep.},
	note = {Tradu{\c{c}}{\~a}o nossa}
}